<record><leader>00000cas a2200000 i 4500</leader><controlfield tag="001">908159878</controlfield><controlfield tag="006">m     o  d        </controlfield><controlfield tag="007">cr |||||||||||</controlfield><controlfield tag="008">150429d18951921mtudr neo     0   a0eng  </controlfield><datafield ind1=" " ind2=" " tag="010"><subfield code="a">  2015218694</subfield></datafield><datafield ind1=" " ind2=" " tag="040"><subfield code="a">DLC</subfield><subfield code="b">eng</subfield><subfield code="e">rda</subfield><subfield code="c">DLC</subfield><subfield code="d">DLC</subfield></datafield><datafield ind1="0" ind2=" " tag="022"><subfield code="a">2378-8348</subfield><subfield code="2">1</subfield></datafield><datafield ind1=" " ind2=" " tag="042"><subfield code="a">pcc</subfield><subfield code="a">nsdp</subfield></datafield><datafield ind1=" " ind2=" " tag="043"><subfield code="a">n-us-mt</subfield></datafield><datafield ind1="1" ind2="0" tag="050"><subfield code="a">ISSN RECORD</subfield></datafield><datafield ind1="0" ind2="0" tag="082"><subfield code="a">071</subfield><subfield code="2">23</subfield></datafield><datafield ind1=" " ind2="0" tag="222"><subfield code="a">Great Falls daily tribune</subfield><subfield code="b">(Online)</subfield></datafield><datafield ind1="0" ind2="0" tag="245"><subfield code="a">Great Falls daily tribune.</subfield></datafield><datafield ind1=" " ind2="1" tag="264"><subfield code="a">Great Falls, Montana :</subfield><subfield code="b">The Tribune</subfield></datafield><datafield ind1=" " ind2=" " tag="300"><subfield code="a">1 online resource</subfield></datafield><datafield ind1=" " ind2=" " tag="310"><subfield code="a">Daily,</subfield><subfield code="b">1900-1921</subfield></datafield><datafield ind1=" " ind2=" " tag="321"><subfield code="a">Daily (except Mon.),</subfield><subfield code="b">1895-1900</subfield></datafield><datafield ind1=" " ind2=" " tag="336"><subfield code="a">text</subfield><subfield code="b">txt</subfield><subfield code="2">rdacontent</subfield></datafield><datafield ind1=" " ind2=" " tag="337"><subfield code="a">computer</subfield><subfield code="b">c</subfield><subfield code="2">rdamedia</subfield></datafield><datafield ind1=" " ind2=" " tag="338"><subfield code="a">online resource</subfield><subfield code="b">cr</subfield><subfield code="2">rdacarrier</subfield></datafield><datafield ind1="1" ind2=" " tag="362"><subfield code="a">Began March 23, 1895; ceased with thirty-second year (January 10, 1921).</subfield></datafield><datafield ind1=" " ind2=" " tag="588"><subfield code="a">Description based on: Twenty-ninth year (January 1, 1919); title from masthead (Chroniclingamerica.loc.gov, viewed April 29, 2015).</subfield></datafield><datafield ind1=" " ind2=" " tag="588"><subfield code="a">Latest issue consulted: Thirty-second year (January 10, 1921) (Chroniclingamerica.loc.gov, viewed April 29, 2015).</subfield></datafield><datafield ind1=" " ind2="0" tag="651"><subfield code="a">Great Falls (Mont.)</subfield><subfield code="v">Newspapers.</subfield></datafield><datafield ind1=" " ind2="7" tag="651"><subfield code="a">Montana</subfield><subfield code="z">Great Falls.</subfield><subfield code="2">fast</subfield><subfield code="0">(OCoLC)fst01202832</subfield></datafield><datafield ind1=" " ind2="7" tag="655"><subfield code="a">Newspapers.</subfield><subfield code="2">fast</subfield><subfield code="0">(OCoLC)fst01423814</subfield></datafield><datafield ind1=" " ind2=" " tag="752"><subfield code="a">United States</subfield><subfield code="b">Montana</subfield><subfield code="c">Cascade</subfield><subfield code="d">Great Falls.</subfield></datafield><datafield ind1="0" ind2=" " tag="775"><subfield code="t">Great Falls weekly tribune</subfield><subfield code="g">Mar. 23, 1895-</subfield><subfield code="x">2329-6666</subfield><subfield code="w">(DLC)  2013218820</subfield><subfield code="w">(OCoLC)849508060</subfield></datafield><datafield ind1="0" ind2="8" tag="776"><subfield code="i">Originally issued in print:</subfield><subfield code="t">Great Falls daily tribune</subfield><subfield code="x">2378-833X</subfield><subfield code="w">(DLC)sn 84024808</subfield><subfield code="w">(OCoLC)11299783</subfield></datafield><datafield ind1="0" ind2="0" tag="780"><subfield code="t">Daily tribune (Great Falls, Mont.)</subfield></datafield><datafield ind1="0" ind2="0" tag="785"><subfield code="t">Great Falls tribune (Great Falls, Mont. : 1921)</subfield><subfield code="x">2378-8518</subfield><subfield code="w">(DLC)  2015218726</subfield><subfield code="w">(OCoLC)232117718</subfield></datafield><datafield ind1="4" ind2="0" tag="856"><subfield code="u">http://www.loc.gov/chroniclingamerica/lccn/sn84024808/issues</subfield></datafield></record>